@article{aiken1996cool,
  title={Cool: A portable project for teaching compiler construction},
  author={Aiken, Alexander},
  journal={ACM Sigplan Notices},
  volume={31},
  number={7},
  pages={19--24},
  year={1996},
  publisher={ACM New York, NY, USA}
}

@article{golich2000abcs,
  title={The ABCs of case teaching},
  author={Golich, Vicki L},
  journal={International Studies Perspectives},
  volume={1},
  number={1},
  pages={11--29},
  year={2000},
  publisher={Blackwell Publishers, Inc. Boston, USA and Oxford, UK}
}

@article{hmelo2004problem,
  title={Problem-based learning: What and how do students learn?},
  author={Hmelo-Silver, Cindy E},
  journal={Educational psychology review},
  volume={16},
  pages={235--266},
  year={2004},
  publisher={Springer}
}

@article{altman2010workplace,
  title={Workplace bullying: Application of Novak’s (1998) learning theory and implications for training},
  author={Altman, Brian A},
  journal={Employee Responsibilities and Rights Journal},
  volume={22},
  pages={21--32},
  year={2010},
  publisher={Springer}
}

@article{aho2008teaching,
  title={Teaching the compilers course},
  author={Aho, Alfred V},
  journal={ACM SIGCSE Bulletin},
  volume={40},
  number={4},
  pages={6--8},
  year={2008},
  publisher={ACM New York, NY, USA}
}

@article{wirth1971programming,
  title={The programming language Pascal},
  author={Wirth, Niklaus},
  journal={Acta informatica},
  volume={1},
  pages={35--63},
  year={1971},
  publisher={Springer}
}

@article{ritchie1978unix,
  title={The UNIX time-sharing system},
  author={Ritchie, Dennis M and Thompson, Ken},
  journal={Bell System Technical Journal},
  volume={57},
  number={6},
  pages={1905--1929},
  year={1978},
  publisher={Wiley Online Library}
}

@article{milne2011compilers,
  title={Compilers, the forgotten subject?},
  author={Milne, Allan C and McAdam, Eilidh V},
  journal={Innovation in Teaching and Learning in Information and Computer Sciences},
  volume={10},
  number={2},
  pages={32--40},
  year={2011},
  publisher={Taylor \& Francis}
}

@book{kernighan1988c,
  title={The C programming language},
  author={Kernighan, Brian W and Ritchie, Dennis M},
  year={1988},
  publisher={prentice-Hall}
}

@book{muchnick1997advanced,
  title={Advanced compiler design implementation},
  author={Muchnick, Steven},
  year={1997},
  publisher={Morgan kaufmann}
}

@book{johnson1975yacc,
  title={Yacc: Yet another compiler-compiler},
  author={Johnson, Stephen C and others},
  volume={32},
  year={1975},
  publisher={Bell Laboratories Murray Hill, NJ}
}

@book{lesk1975lex,
  title={Lex: A lexical analyzer generator},
  author={Lesk, Michael E and Schmidt, Eric},
  volume={39},
  year={1975},
  publisher={Bell Laboratories Murray Hill, NJ}
}

@book{strousrup2000c++,
author = {Stroustrup, Bjarne},
title = {The  C++ Programming Language},
year = {2000},
isbn = {0201700735},
publisher = {Addison-Wesley Longman Publishing Co., Inc.},
address = {USA},
edition = {3rd},
}

@book{cooper2022engineering,
  title={Engineering a compiler},
  author={Cooper, Keith D and Torczon, Linda},
  year={2022},
  publisher={Morgan Kaufmann}
}

@book{aho1986compilers,
  author={Aho, Alfred V. and Sethi, Ravi and Ullman, Jeffrey D.},
  title={Compilers: principles, techniques, and tools},
  year={1986},
  isbn={0201100886},
  publisher={Addison-Wesley Longman Publishing Co., Inc.},
  address={USA}
}

@book{appel1997modernCompilerImplementationC,
  author={Andrew W. Appel},
  title={Modern Compiler Implementation in C, 1st Edition},
  year={1997},
  publisher={Cambridge University Press},
  isbn={978-0521583909},
}

@book{appel2002modernCompilerImplementationJava,
  author={Andrew W. Appel and Jens Palsberg},
  title={Modern Compiler Implementation in Java, 2nd Edition},
  year={2002},
  publisher={Cambridge University Press},
  isbn={978-0521820608},
}

@book{appel2004modernCompilerImplementationML,
  author={Andrew W. Appel},
  title={Modern Compiler Implementation in ML, 1st Edition},
  year={2004},
  publisher={Cambridge University Press},
  isbn={978-0521607643},
}

@book{nystrom2021crafting,
  title={Crafting interpreters},
  author={Nystrom, Robert},
  year={2021},
  publisher={Genever Benning}
}

@incollection{dennen2008cognitive,
  title={The cognitive apprenticeship model in educational practice},
  author={Dennen, Vanessa P and Burner, Kerry J},
  booktitle={Handbook of research on educational communications and technology},
  pages={425--439},
  year={2008},
  publisher={Routledge}
}

@inproceedings{padhye2019chocopy,
  title={Chocopy: A programming language for compilers courses},
  author={Padhye, Rohan and Sen, Koushik and Hilfinger, Paul N},
  booktitle={Proceedings of the 2019 ACM SIGPLAN Symposium on SPLASH-E},
  pages={41--45},
  year={2019}
}

@inproceedings{kirsch2017selfie,
  title={Selfie and the Basics},
  author={Kirsch, Christoph M},
  booktitle={Proceedings of the 2017 ACM SIGPLAN International Symposium on New Ideas, New Paradigms, and Reflections on Programming and Software},
  pages={198--213},
  year={2017}
}

@inproceedings{kundra2016experience,
  title={An experience report on teaching compiler design concepts using case-based and project-based learning approaches},
  author={Kundra, Divya and Sureka, Ashish},
  booktitle={2016 IEEE Eighth International Conference on Technology for Education (T4E)},
  pages={216--219},
  year={2016},
  organization={IEEE}
}

@inproceedings{lasseter2015interpreter,
  title={The Interpreter In An Undergraduate Compilers Course},
  author={Lasseter, John HE},
  booktitle={Proceedings of the 46th ACM Technical Symposium on Computer Science Education},
  pages={168--173},
  year={2015}
}

@inproceedings{yanxiang2020research,
  title={Research on the Knowledge and Ability dual-driven Teaching Model for the Course of Compilers Principles},
  author={Yanxiang, HE and Zhuomin, DU and Hanfei, WANG},
  booktitle={2020 15th International Conference on Computer Science \& Education (ICCSE)},
  pages={24--29},
  year={2020},
  organization={IEEE}
}

@inproceedings{shapiro1976new,
  title={A new approach to teaching a first course in compiler construction},
  author={Shapiro, Henry D and Mickunas, M Dennis},
  booktitle={Proceedings of the ACM SIGCSE-SIGCUE technical symposium on Computer science and education},
  pages={158--166},
  year={1976}
}

@misc{fortran_official_website,
  author={Fortran-lang Community},
  title={The Fortran Programming Language, 2018 Release},
  howpublished={\url{https://fortran-lang.org/}},
  note={Accessed: 2024-08-30},
  year={2024}
}

@misc{java_17_official_specification,
  author = {{Oracle}},
  title = {The Java™ Language Specification},
  edition = {Java SE 17},
  howpublished = {\url{https://docs.oracle.com/javase/specs/jls/se17/html/}},
  note={Accessed: 2024-08-30},
  year = {2021},
}

@misc{appel1998tiger,
  author={Andrew W. Appel},
  title={The Tiger Programming Language},
  howpublished={Documentation provided in the "Modern Compiler Implementation" series of books},
  year={1998},
  url={https://www.cs.princeton.edu/~appel/modern/},
  note={Educational language for compiler courses},
}

@misc{nystrom_crafting_interpreters_amazon,
  author={Amazon},
  title={Crafting Interpreters by Robert Nystrom [Paperback]},
  howpublished={\url{https://www.amazon.com/Crafting-Interpreters-Robert-Nystrom/dp/0990582930}},
  year={2021},
  note={Accessed: 2024-09-02}
}

@misc{crafting_interpreters_repositories_github,
  author={GitHub},
  title={Github Public Repositories Related to the "Crafting Interpreters" Book},
  howpublished={\url{https://github.com/search?q=crafting+interpreters&type=repositories}},
  year={2024},
  note={Accessed: 2024-09-02}
}

@misc{cambridge_minijava_project,
  author={Cambridge University Press},
  title={Modern Compiler Implementation in Java: the MiniJava Project},
  howpublished={\url{https://www.cambridge.org/resources/052182060X/}},
  year={2024},
  note={Accessed: 2024-09-03}
}

@misc{cambridge_minijava_grammar,
  author={Cambridge University Press},
  title={BNF for MiniJava},
  howpublished={\url{https://www.cambridge.org/resources/052182060X/MCIIJ2e/grammar.htm}},
  year={2024},
  note={Accessed: 2024-09-03}
}

@misc{university_of_washington_cs_compiler_construction_course_page_2024,
  author={University of Washington},
  title={University of Washington CSE401 and CSE M 501 (2024) - Compiler Construction Course Project Page},
  howpublished={\url{https://courses.cs.washington.edu/courses/cse401/24sp/project/}},
  year={2024},
  note={Accessed: 2024-09-03}
}

@misc{ucla_cs_compiler_construction_course_page_fall_2012,
  author={Jens Palsberg},
  title={UCLA CS132 (Fall 2012) - Compiler Construction Course Page},
  howpublished={\url{https://web.cs.ucla.edu/~palsberg/course/cs132/F12/}},
  year={2012},
  note={Accessed: 2024-09-03}
}

@misc{loyola_university_of_chicago_cs_compiler_construction_course_page_fall_2018,
  author={Loyola University of Chicago},
  title={Loyola University of Chicago (Fall 2018) - Comp 271 MiniJava Project Page},
  howpublished={\url{https://pld.cs.luc.edu/courses/271/fall18/mnotes/compiler.html}},
  year={2018},
  note={Accessed: 2024-09-03}
}

@techreport{thomas2000review,
  author = {John W. Thomas},
  title = {A Review of Research on Project-Based Learning},
  institution = {Autodesk Foundation},
  address = {San Rafael, CA},
  year = {2000},
}


